@article{klein1997randomized,
  title={A randomized parallel algorithm for single-source shortest paths},
  author={Klein, Philip N and Subramanian, Sairam},
  journal={Journal of Algorithms},
  volume={25},
  number={2},
  pages={205--220},
  year={1997},
  publisher={Elsevier}
}
